<?xml version="1.0" encoding="UTF-8"?><collection xmlns="http://www.loc.gov/MARC21/slim"><record><leader>00578nam--2200205-u-4500</leader><controlfield tag="001">000050693</controlfield><controlfield tag="002">20161230</controlfield><controlfield tag="005">20161230201048</controlfield><controlfield tag="008">080314s1000------------r-----000-0-eng-d</controlfield><datafield ind1=" " ind2=" " tag="020"><subfield code="a">0691113386</subfield></datafield><datafield ind1=" " ind2=" " tag="040"><subfield code="a">IFIN-HH</subfield></datafield><datafield ind1=" " ind2=" " tag="080"><subfield code="a">(536.7:519.72):53.06</subfield></datafield><datafield ind1="1" ind2=" " tag="100"><subfield code="a">Greven, A</subfield></datafield><datafield ind1="1" ind2="0" tag="245"><subfield code="a">Entropy</subfield><subfield code="c">Andreas greven, gerhard keller, gerald warnecke (eds.)</subfield></datafield><datafield ind1=" " ind2=" " tag="260"><subfield code="a">Princeton</subfield><subfield code="b">Princeton University Press</subfield><subfield code="c">2003</subfield></datafield><datafield ind1=" " ind2=" " tag="300"><subfield code="a">358 p</subfield></datafield><datafield ind1=" " ind2=" " tag="490"><subfield code="a">Princeton Series In Applied Mathematics</subfield></datafield><datafield ind1="1" ind2=" " tag="700"><subfield code="a">Warnecke, Gerald</subfield><subfield code="e">Ed</subfield></datafield><datafield ind1=" " ind2=" " tag="852"><subfield code="c">536.7</subfield></datafield><datafield ind1=" " ind2=" " tag="CAT"><subfield code="a">Sys</subfield><subfield code="c">20141204</subfield><subfield code="h">134629</subfield></datafield></record></collection>